

@inproceedings{dong2014knowledge,
  title={Knowledge vault: A web-scale approach to probabilistic knowledge fusion},
  author={Dong, Xin and Gabrilovich, Evgeniy and Heitz, Geremy and Horn, Wilko and Lao, Ni and Murphy, Kevin and Strohmann, Thomas and Sun, Shaohua and Zhang, Wei},
  booktitle={Proceedings of the 20th ACM SIGKDD international conference on Knowledge discovery and data mining},
  pages={601--610},
  year={2014}
}
